
@article{Barreiro2017,
  title = {Symmetries {{Constrain Dynamics}} in a {{Family}} of {{Balanced Neural Networks}}},
  author = {Barreiro, Andrea K and {Kutz, J. Nathan} and {Shlizerman, Eli}},
  year = {2017},
  volume = {7},
  pages = {28},
  doi = {10.1186/s13408-017-0052-6},
  language = {en},
  number = {10}
}

@Book{Coddington1955,
author = { Coddington, Earl A. and Levinson, Norman },
title = { Theory of ordinary differential equations },
publisher = { McGraw-Hill New York },
year = { 1955 },
type = { Book }
}


